@techreport{ietf-mile-xmpp-grid-05,
    number =        {draft-ietf-mile-xmpp-grid-05},
    type =          {Internet-Draft},
    institution =   {Internet Engineering Task Force},
    publisher =     {Internet Engineering Task Force},
    note =          {Work in Progress},
    url =           {https://datatracker.ietf.org/doc/html/draft-ietf-mile-xmpp-grid-05},
    author =        {Nancy Cam-Winget and Syam Appala and Scott Pope and Peter Saint-Andre},
    title =         {{Using XMPP for Security Information Exchange}},
    pagetotal =     23,
    year =          2018,
    month =         feb,
    day =           8,
}
@techreport{ietf-sacm-terminology-14,
    number =        {draft-ietf-sacm-terminology-14},
    type =          {Internet-Draft},
    institution =   {Internet Engineering Task Force},
    publisher =     {Internet Engineering Task Force},
    note =          {Work in Progress},
    url =           {https://datatracker.ietf.org/doc/html/draft-ietf-sacm-terminology-14},
    author =        {Henk Birkholz and Jarrett Lu and John Strassner and Nancy Cam-Winget and Adam W. Montville},
    title =         {{Security Automation and Continuous Monitoring (SACM) Terminology}},
    pagetotal =     28,
    year =          2017,
    month =         dec,
    day =           10,
    abstract =      {This memo documents terminology used in the documents produced by SACM (Security Automation and Continuous Monitoring).},
}
@techreport{ietf-i2nsf-terminology-05,
    number =        {draft-ietf-i2nsf-terminology-05},
    type =          {Internet-Draft},
    institution =   {Internet Engineering Task Force},
    publisher =     {Internet Engineering Task Force},
    note =          {Work in Progress},
    url =           {https://datatracker.ietf.org/doc/html/draft-ietf-i2nsf-terminology-05},
    author =        {Susan Hares and John Strassner and Diego Lopez and Liang Xia and Henk Birkholz},
    title =         {{Interface to Network Security Functions (I2NSF) Terminology}},
    pagetotal =     13,
    year =          2018,
    month =         jan,
    day =           3,
    abstract =      {This document defines a set of terms that are used for the Interface to Network Security Functions (I2NSF) effort.},
}

@book{professional-xmpp,
    author =    {Moffitt, Jack},
    title =     {Professional XMPP Programming with JavaScript and jQuery},
    year =      {2010},
    isbn =      {0470540710, 9780470540718},
    publisher = {Wrox Press Ltd.},
    address =   {Birmingham, UK, UK},
}
@book{definitive-guide-xmpp,
    author =    {Saint-Andre, Peter and Smith, Kevin and Tronon, Remko},
    title =     {XMPP: The Definitive Guide Building Real-Time Applications with Jabber Technologies},
    year =      {2009},
    isbn =      {059652126X, 9780596521264},
    publisher = {O'Reilly Media, Inc.},
}

@misc{rfc6120,
    series =        {Request for Comments},
    number =        6120,
    howpublished =  {RFC 6120},
    publisher =     {RFC Editor},
    doi =           {10.17487/RFC6120},
    url =           {https://rfc-editor.org/rfc/rfc6120.txt},
    author =        {Peter Saint-Andre},
    title =         {{Extensible Messaging and Presence Protocol (XMPP): Core}},
    pagetotal =     211,
    year =          2011,
    month =         mar,
}

@misc{rfc7590,
    series =       {Request for Comments},
    number =       7590,
    howpublished = {RFC 7590},
    publisher =    {RFC Editor},
    doi =          {10.17487/RFC7590},
    url =          {https://rfc-editor.org/rfc/rfc7590.txt},
    author =       {Peter Saint-Andre and me@thijsalkema.de},
    title =        {{Use of Transport Layer Security (TLS) in the Extensible Messaging and Presence Protocol (XMPP)}},
    pagetotal =    9,
    year =         2015,
    month =        jun,
}


@misc{rfc2119,
    series =        {Request for Comments},
    number =        2119,
    howpublished =  {RFC 2119},
    publisher =     {RFC Editor},
    doi =           {10.17487/RFC2119},
    url =           {https://rfc-editor.org/rfc/rfc2119.txt},
    author =        {Scott O. Bradner},
    title =         {{Key words for use in RFCs to Indicate Requirement Levels}},
    pagetotal =     3,
    year =          1997,
    month =         mar,
}
@misc{rfc4422,
    series =        {Request for Comments},
    number =        4422,
    howpublished =  {RFC 4422},
    publisher =     {RFC Editor},
    doi =           {10.17487/RFC4422},
    url =           {https://rfc-editor.org/rfc/rfc4422.txt},
    author =        {Kurt Zeilenga and Alexey Melnikov},
    title =         {{Simple Authentication and Security Layer (SASL)}},
    pagetotal =     33,
    year =          2006,
    month =         jun,
}
@misc{rfc5802,
    series =    {Request for Comments},
    number =    5802,
    howpublished = {RFC 5802},
    publisher = {RFC Editor},
    doi =       {10.17487/RFC5802},
    url =       {https://rfc-editor.org/rfc/rfc5802.txt},
    author =    {Abhijit Menon-Sen and Alexey Melnikov and Nicolas Williams and Chris Newman},
    title =     {{Salted Challenge Response Authentication Mechanism (SCRAM) SASL and GSS-API Mechanisms}},
    pagetotal = 28,
    year =      2010,
    month =     jul,
}
@misc{rfc7395,
    series =        {Request for Comments},
    number =        7395,
    howpublished =  {RFC 7395},
    publisher =     {RFC Editor},
    doi =           {10.17487/RFC7395},
    url =           {https://rfc-editor.org/rfc/rfc7395.txt},
    author =        {Lance Stout and Jack Moffitt and Eric Cestari},
    title =         {{An Extensible Messaging and Presence Protocol (XMPP) Subprotocol for WebSocket}},
    pagetotal =     18,
    year =          2014,
    month =         oct,
}
@misc{rfc7677,
    series =        {Request for Comments},
    number =        7677,
    howpublished =  {RFC 7677},
    publisher =     {RFC Editor},
    doi =           {10.17487/RFC7677},
    url =           {https://rfc-editor.org/rfc/rfc7677.txt},
    author =        {Tony Hansen},
    title =         {{SCRAM-SHA-256 and SCRAM-SHA-256-PLUS Simple Authentication and Security Layer (SASL) Mechanisms}},
    pagetotal =     8,
    year =          2015,
    month =         nov,
}
@misc{rfc7970,
    series =       {Request for Comments},
    number =       7970,
    howpublished = {RFC 7970},
    publisher =    {RFC Editor},
    doi =          {10.17487/RFC7970},
    url =          {https://rfc-editor.org/rfc/rfc7970.txt},
    author =       {Roman Danyliw},
    title =        {{The Incident Object Description Exchange Format Version 2}},
    pagetotal =    172,
    year =         2016,
    month =        nov,
}

@misc{xep-0001,
    series =        {XMPP Extension Protocol},
    number =        0001,
    howpublished =  {XEP-0001},
    url =           {http://xmpp.org/extensions/xep-0001.html},
    author =        {Peter Saint-Andre and Dave Cridland},
    title =         {{XMPP Extension Protocols}},
    year =          2016,
    month =         nov,
}

@misc{xep-0004,
    series =        {XMPP Extension Protocol},
    number =        0004,
    howpublished =  {XEP-0004},
    url =           {http://xmpp.org/extensions/xep-0004.html},
    author =        {Ryan Eatmon and Joe Hildebrand and Jeremie Miller and Thomas Muldowney and Peter Saint-Andre},
    title =         {{Data Forms}},
    year =          2007,
    month =         aug,
}

@misc{xep-0030,
    series =        {XMPP Extension Protocol},
    number =        0030,
    howpublished =  {XEP-0030},
    url =           {http://xmpp.org/extensions/xep-0030.html},
    author =        {Joe Hildebrand and Peter Millard and Ryan Eatmon and Peter Saint-Andre},
    title =         {{Service Discovery}},
    year =          2017,
    month =         oct,
}

@misc{xep-0055,
    series =        {XMPP Extension Protocol},
    number =        0055,
    howpublished =  {XEP-0055},
    url =           {http://xmpp.org/extensions/xep-0055.html},
    author =        {Ian Paterson and Peter Saint-Andre and Valerie Mercier and Jean-Louis Seguineau},
    title =         {{Result Set Management}},
    year =          2006,
    month =         sep,
}

@misc{xep-0059,
    series =        {XMPP Extension Protocol},
    number =        0059,
    howpublished =  {XEP-0059},
    url =           {http://xmpp.org/extensions/xep-0059.html},
    author =        {Ian Paterson and Peter Saint-Andre and Valerie Mercier and Jean-Louis Seguineau},
    title =         {{Result Set Management}},
    year =          2006,
    month =         sep,
}
@misc{xep-0060,
    series =        {XMPP Extension Protocol},
    number =        0060,
    howpublished =  {XEP-0060},
    url =           {http://xmpp.org/extensions/xep-0060.html},
    author =        {Peter Millard and Peter Saint-Andre and Ralph Meijer},
    title =         {{Publish-Subscribe}},
    year =          2018,
    month =         feb,
}
@misc{xep-0114,
    series =        {XMPP Extension Protocol},
    number =        0114,
    howpublished =  {XEP-0114},
    url =           {http://xmpp.org/extensions/xep-0114.html},
    author =        {Peter Saint-Andre},
    title =         {{Jabber Component Protocol}},
    year =          2012,
    month =         jan,
}
@misc{xep-0124,
    series =        {XMPP Extension Protocol},
    number =        0124,
    howpublished =  {XEP-0124},
    url =           {http://xmpp.org/extensions/xep-0124.html},
    author =        {Ian Paterson and Dave Smith and Peter Saint-Andre and Jack Moffitt and Lance Stout and Winfried Tilanus},
    title =         {{Bidirectional-streams Over Synchronous HTTP (BOSH)}},
    year =          2016,
    month =         nov,
}
@misc{xep-0178,
    series =        {XMPP Extension Protocol},
    number =        0178,
    howpublished =  {XEP-0178},
    url =           {http://xmpp.org/extensions/xep-0178.html},
    author =        {Peter Saint-Andre and Peter Millard},
    title =         {{Best Practices for Use of SASL EXTERNAL with Certificates}},
    year =          2011,
    month =         may,
}
@misc{xep-0248,
    series =        {XMPP Extension Protocol},
    number =        0248,
    howpublished =  {XEP-0248},
    url =           {http://xmpp.org/extensions/xep-0248.html},
    author =        {Peter Saint-Andre and Ralph Meijer and Brian Cully},
    title =         {{PubSub Collection Nodes}},
    year =          2010,
    month =         sep,
}

@ARTICLE{ieee-xplore-stream-xml-xmpp,
    author=     {P. Saint-Andre},
    journal=    {IEEE Internet Computing},
    title=      {Streaming XML with Jabber/XMPP},
    year=       {2005},
    volume=     {9},
    number=     {5},
    pages=      {82-89},
    doi=        {10.1109/MIC.2005.110},
    ISSN=       {1089-7801},
    month=      {Sept}
}

@misc{xmpp-grid-prototype,
    author =        {A. Steffen},
    howpublished =  {\url{https://github.com/sacmwg/vulnerability-scenario/blob/b3bf6a5b21f242b788488ba8991595172fe663e7/ietf_hackathon/strongSwan/pubsub_client.py}},
    url =           {https://github.com/sacmwg/vulnerability-scenario/blob/master/ietf_hackathon/strongSwan/pubsub_client.py},
    title =         {{XMPP-Grid HSR Rapid-Prototype}},
    year =          {2017},
    month =         {Nov}
}

@misc{ietf-mile-wg,
    author =       {Managed Incident Lightweight Exchange Working Group},
    howpublished = {\url{https://datatracker.ietf.org/wg/mile/charter/}},
    title =        {{Managed Incident Lightweight Exchange (mile) - Charter for Working Group}},
    year =         {2016},
    month =        {Jul}
}
@ONLINE{agile-alliance-user-stories,
    author =        {{Agile Alliance}},
    title =         {What are User Stories?},
    year =          2015,
    urldate =       {2018-03-02},
    howpublished=   {\url{https://www.agilealliance.org/glossary/user-stories}},
}

@book{wirdemann2017scrum,
  title=        {Scrum mit User Stories},
  author=       {Wirdemann, R.},
  isbn=         {9783446450776},
  year=         {2017},
  publisher=    {Carl Hanser Verlag München}
}

@ONLINE{c4-model,
    author =        {Simon Brown},
    howpublished =  {\url{https://c4model.com/}},
    title =         {The C4 model for software architecture},
    urldate =       {2018-03-14},
}

@inproceedings{architectural-design-decisions,
    title =        {Software architecture as a set of architectural design decisions},
    author =       {Jansen, Anton and Bosch, Jan},
    booktitle =    {Software Architecture, 2005. WICSA 2005. 5th Working IEEE/IFIP Conference on},
    pages =        {109--120},
    year =         {2005},
    organization = {IEEE}
}


@ONLINE{angular-security,
    title =         {Angular Guide: Security},
    year =          2017,
    urldate =       {2018-03-16},
    howpublished =  {\url{https://angular.io/guide/security}},
}

@ONLINE{angular-style-guide,
    title =         {Angular Style Guide},
    year =          2018,
    urldate =       {2018-05-31},
    howpublished =  {\url{https://angular.io/guide/styleguide#style-guide}},
}

@ONLINE{zone-js-readme,
    title =         {Zone.js README},
    year =          2018,
    urldate =       {2018-03-16},
    howpublished=   {\url{https://angular.io/guide/security}},
}

@TechReport{w3c-csp,
  author =      {Daniel Veditz and Mike West and Adam Barth},
  title =       {Content Security Policy Level 2},
  month =       dec,
  note =        {https://www.w3.org/TR/2016/REC-CSP2-20161215/},
  year =        2016,
  type =        {{W3C} Recommendation},
  institution = {W3C},
}

@article{firefox-update-security,
    author =     {Frei, Stefan and Duebendorfer, Thomas and Plattner, Bernhard},
    title =      {Firefox (In) Security Update Dynamics Exposed},
    journal =    {SIGCOMM Comput. Commun. Rev.},
    issue_date = {January 2009},
    volume =     {39},
    number =     {1},
    month =      dec,
    year =       {2008},
    issn =       {0146-4833},
    pages =      {16--22},
    numpages =   {7},
    url =        {http://doi.acm.org/10.1145/1496091.1496094},
    doi =        {10.1145/1496091.1496094},
    acmid =      {1496094},
    publisher =  {ACM},
}

@inproceedings{browser-extension-security,
    author =    {Saini, Anil and Gaur, Manoj Singh and Laxmi, Vijay},
    title =     {The Darker Side of Firefox Extension},
    booktitle = {Proceedings of the 6th International Conference on Security of Information and Networks},
    series =    {SIN '13},
    year =      {2013},
    isbn =      {978-1-4503-2498-4},
    location =  {Aksaray, Turkey},
    pages =     {316--320},
    numpages =  {5},
    url =       {http://doi.acm.org/10.1145/2523514.2527011},
    doi =       {10.1145/2523514.2527011},
    acmid =     {2527011},
    publisher = {ACM},
}

@TechReport{cross-origin-resource-sharing,
    author =       "Anne van Kesteren",
    title =        "Cross-Origin Resource Sharing",
    month =        jan,
    note =         "http://www.w3.org/TR/2014/REC-cors-20140116/",
    year =         "2014",
    bibsource =    "http://w2.syronex.com/jmr/w3c-biblio",
    type =         "{W3C} Recommendation",
    institution =  "W3C",
}

@misc{rfc6455,
    series =       {Request for Comments},
    number =       6455,
    howpublished = {RFC 6455},
    publisher =    {RFC Editor},
    doi =          {10.17487/RFC6455},
    url =          {https://rfc-editor.org/rfc/rfc6455.txt},
    author =       {Alexey Melnikov and Ian Fette},
    title =        {{The WebSocket Protocol}},
    pagetotal =    71,
    year =         2011,
    month =        dec,
}

@misc{rfc5246,
    series =    {Request for Comments},
    number =    5246,
    howpublished = {RFC 5246},
    publisher = {RFC Editor},
    doi =       {10.17487/RFC5246},
    url =       {https://rfc-editor.org/rfc/rfc5246.txt},
    author =    {Eric Rescorla and Tim Dierks},
    title =     {{The Transport Layer Security (TLS) Protocol Version 1.2}},
    pagetotal = 104,
    year =      2008,
    month =     aug,
}

@book{Cohn:2009:SAS:1667109,
    author =     {Cohn, Mike},
    title =      {Succeeding with Agile: Software Development Using Scrum},
    year =       {2009},
    isbn =       {0321579364, 9780321579362},
    edition =    {1st},
    publisher =  {Addison-Wesley Professional},
}

@book{krug:dont-make-me-think,
    author =    {Krug, Steve},
    title =     {Don't Make Me Think: A Common Sense Approach to the Web (2Nd Edition)},
    year =      {2005},
    isbn =      {0321344758},
    publisher = {New Riders Publishing},
    address =   {Thousand Oaks, CA, USA},
    chapter     = 9,
}
@misc{practical-issues-with-tls-client,
    author =        {Arnis Parsovs},
    title =         {Practical Issues with TLS Client Certificate Authentication},
    howpublished =  {Cryptology ePrint Archive, Report 2013/538},
    year =          {2013},
    note =          {\url{https://eprint.iacr.org/2013/538}},
}

@misc{mozilla-tls-recommendations,
    author =        {Mozilla et al.},
    title =         {Security/Server Side TLS},
    howpublished =  {MozillaWiki},
    year =          {2018},
    note =          {\url{https://wiki.mozilla.org/index.php?title=Security/Server_Side_TLS&oldid=1191414}},
}

@misc{chromium-issue-background-certs,
    author =        {Chromium Project et al.},
    title =         {Secure Websocket with client certificate not working},
    howpublished =  {Chromium Bug Tracker},
    year =          {2013},
    note =          {\url{https://bugs.chromium.org/p/chromium/issues/detail?id=329884\#c24}},
}

@misc{chrome-cert-policies,
    author =        {Google Inc. et al.},
    title =         {Manage client certificates on Chrome devices},
    howpublished =  {Chrome Documentation},
    year =          {2013},
    note =          {\url{https://support.google.com/chrome/a/answer/6080885?hl=en\#manage-certs}},
}