@ONLINE{task-description,
    author = {Andreas Steffen},
    title = {{Task Description} ''XMPP-Grid Broker''},
    year = 2018,
    urldate = {2018-02-19},
    howpublished={\url{https://xmpp-grid-broker.github.io/documents/final-submission-document.pdf}},
}

@ONLINE{atlassian-opensource,
    author = {{Atlassian Inc.}},
    title = {{Open Source Services by Atlassian Inc.}},
    year = 2018,
    urldate = {2018-02-17},
    howpublished={\url{https://developer.atlassian.com/opensource/}},
}

@ONLINE{github-flow,
    author = {{Github Inc.}},
    title = {{Github Flow}},
    year = 2018,
    urldate = {2018-02-17}},
    howpublished={\url{https://guides.github.com/introduction/flow/}},
}